@article{Zahnle_2020,
  title={Creation and evolution of impact-generated reduced atmospheres of early Earth},
  author={Zahnle, Kevin J and Lupu, Roxana and Catling, David C and Wogan, Nick},
  journal={The Planetary Science Journal},
  volume={1},
  number={1},
  pages={11},
  year={2020},
  publisher={IOP Publishing}
}

@article{Wogan_2022,
  title={Rapid Timescale for an Oxic Transition During the Great Oxidation Event and the Instability of Low Atmospheric O$_2$},
  author={Wogan, Nicholas and Catling, David and Zahnle, Kevin and Claire, Mark},
  journal={Proceedings of the National Academy of Sciences},
  year=2022
}

@article{Pavlov_2001,
   author = {Pavlov, Alexander A and Brown, Lisa L and Kasting, James F},
   title = {UV shielding of NH3 and O2 by organic hazes in the Archean atmosphere},
   journal = {Journal of Geophysical Research: Planets},
   volume = {106},
   number = {E10},
   pages = {23267-23287},
   ISSN = {0148-0227},
   year = {2001},
   type = {Journal Article}
}

@book{Catling_2017,
   author = {Catling, David C and Kasting, James F},
   title = {Atmospheric evolution on inhabited and lifeless worlds},
   publisher = {Cambridge University Press},
   ISBN = {1316824527},
   year = {2017},
   type = {Book}
}

@book{Banks_2013,
  title={Aeronomy},
  author={Banks, Peter M and Kockarts, Gaston},
  year={2013},
  publisher={Elsevier}
}

@book{Seinfeld_2006,
  title={Atmospheric Chemistry and Physics: From Air Pollution to Climate Change},
  author={Seinfeld, J.H. and Seinfeld, P.D.C.J.H. and Pandis, S.N.},
  isbn={9780471178156},
  lccn={97007638},
  series={Wiley-Interscience publication},
  year={2006},
  publisher={Wiley}
}

@book{White_2006,
  title={Viscous fluid flow},
  author={White, Frank M and Majdalani, Joseph},
  volume={3},
  year={2006},
  publisher={McGraw-Hill New York}
}
